<?xml version="1.0" encoding="UTF-8"?><record xmlns="http://www.loc.gov/MARC21/slim" xmlns:cinclude="http://apache.org/cocoon/include/1.0" xmlns:zs="http://www.loc.gov/zing/srw/">
  <leader>01531cz  a2200313n  4500</leader>
  <controlfield tag="001">n  86817518 </controlfield>
  <controlfield tag="003">DLC</controlfield>
  <controlfield tag="005">20140926051020.0</controlfield>
  <controlfield tag="008">860403n| azannaabn          |a aaa      </controlfield>
  <datafield tag="010" ind1=" " ind2=" ">
    <subfield code="a">n  86817518 </subfield>
  </datafield>
  <datafield tag="035" ind1=" " ind2=" ">
    <subfield code="a">(OCoLC)oca01546348</subfield>
  </datafield>
  <datafield tag="035" ind1=" " ind2=" ">
    <subfield code="a">(Uk)001878346</subfield>
  </datafield>
  <datafield tag="040" ind1=" " ind2=" ">
    <subfield code="a">DLC</subfield>
    <subfield code="b">eng</subfield>
    <subfield code="e">rda</subfield>
    <subfield code="c">DLC</subfield>
    <subfield code="d">DLC</subfield>
    <subfield code="d">OCoLC</subfield>
    <subfield code="d">DLC</subfield>
    <subfield code="d">Uk</subfield>
  </datafield>
  <datafield tag="046" ind1=" " ind2=" ">
    <subfield code="s">19</subfield>
  </datafield>
  <datafield tag="100" ind1="1" ind2=" ">
    <subfield code="a">Kidman Cox, Rosamund</subfield>
  </datafield>
  <datafield tag="370" ind1=" " ind2=" ">
    <subfield code="c">Great Britain</subfield>
    <subfield code="2">naf</subfield>
  </datafield>
  <datafield tag="372" ind1=" " ind2=" ">
    <subfield code="a">Animals</subfield>
    <subfield code="a">Plants</subfield>
    <subfield code="a">Editing</subfield>
    <subfield code="2">lcsh</subfield>
  </datafield>
  <datafield tag="373" ind1=" " ind2=" ">
    <subfield code="a">Born Free Foundation</subfield>
    <subfield code="2">naf</subfield>
  </datafield>
  <datafield tag="374" ind1=" " ind2=" ">
    <subfield code="a">Authors</subfield>
    <subfield code="a">Periodical editors</subfield>
    <subfield code="a">Trusts and trustees</subfield>
    <subfield code="2">lcsh</subfield>
  </datafield>
  <datafield tag="375" ind1=" " ind2=" ">
    <subfield code="a">female</subfield>
  </datafield>
  <datafield tag="377" ind1=" " ind2=" ">
    <subfield code="a">eng</subfield>
  </datafield>
  <datafield tag="400" ind1="1" ind2=" ">
    <subfield code="w">nne</subfield>
    <subfield code="a">Cox, Rosamund Kidman</subfield>
  </datafield>
  <datafield tag="400" ind1="1" ind2=" ">
    <subfield code="a">Kidman-Cox, Roz</subfield>
  </datafield>
  <datafield tag="670" ind1=" " ind2=" ">
    <subfield code="a">nuc86-28893: Her Understanding zoo animals, 1980</subfield>
    <subfield code="b">(hdg. on OCl rept.: Cox, Rosamund Kidman; usage: Rosamund Kidman Cox)</subfield>
  </datafield>
  <datafield tag="670" ind1=" " ind2=" ">
    <subfield code="a">The children's book of animals around us, 1978:</subfield>
    <subfield code="b">t.p. (Roz Kidman-Cox)</subfield>
  </datafield>
  <datafield tag="670" ind1=" " ind2=" ">
    <subfield code="a">Extreme nature, 2005:</subfield>
    <subfield code="b">t.p. (Rosamund Kidman Cox)</subfield>
  </datafield>
  <datafield tag="670" ind1=" " ind2=" ">
    <subfield code="a">Wikipedia, 25 Sept. 2015:</subfield>
    <subfield code="b">under BBC Wildlife (BBC Wildlife is a British monthly magazine about wildlife, founded by BBC Magazines; it was launched in January 1963 as Animals Magazine; in 1983, it was relaunched as BBC Wildlife Magazine and edited for 23 years by Rosamund Kidman Cox)</subfield>
  </datafield>
  <datafield tag="670" ind1=" " ind2=" ">
    <subfield code="a">Born Free Foundation website, 25 Sept. 2014:</subfield>
    <subfield code="b">trustees (Rosamund Kidman Cox is a writer and editor specialising in wildlife matters; she became a trustee in 2004)</subfield>
  </datafield>
  <datafield tag="670" ind1=" " ind2=" ">
    <subfield code="a">E-mail from author, 25 Sept. 2014</subfield>
    <subfield code="b">(name should be entered under "Kidman Cox")</subfield>
  </datafield>
</record>